@Image{img:ryo,
  title        = "Ryo",
  author       = "Yamada",
  URL          = "ryo.yama.da",
  note         = "(dead link)",
}