@Unpublished{ref:a,
  title        = "Reference A",
  year         = "2025",
  author       = "Author",
  editor       = "Editor",
  publisher    = "Publisher",
  URL          = "https://url.com",
}

@Book{ref:b,
  title        = "Reference B",
  year         = "2025",
  author       = "Author",
  editor       = "Editor",
  publisher    = "Publisher",
  URL          = "https://url.com",
  ISBN         = "978-0-387-95297-0",
}